<collection xmlns="http://www.loc.gov/MARC21/slim">
<record>
  <leader>02210nam0a2200385 i 450 </leader>
  <controlfield tag="001">IT\ICCU\CNCE\023311</controlfield>
  <controlfield tag="005">20101103000000.0</controlfield>
  <datafield tag="012" ind1=" " ind2=" ">
    <subfield code="a">s)em cure usum ueab (3) 1536 (R)</subfield>
    <subfield code="2">fei</subfield>
  </datafield>
  <datafield tag="100" ind1=" " ind2=" ">
    <subfield code="a">19970702d1536        0itac0103    ba</subfield>
  </datafield>
  <datafield tag="101" ind1=" " ind2=" ">
    <subfield code="a">LAT</subfield>
  </datafield>
  <datafield tag="102" ind1=" " ind2=" ">
    <subfield code="a">IT</subfield>
  </datafield>
  <datafield tag="200" ind1="1" ind2=" ">
    <subfield code="a">℗Nicolai Massa ℗Liber de morbo Gallico nouiter editus in quo omnes modi possibiles sanandi ipsum, mira quadam &amp; artificiosa doctrina continentur, ut studioso lectori patebit. Addita est epistola ad eximium Thomam Cademustum in qua quamplurima ad perfectionem operis totius, &amp; multarum aliarum egritudinum curam leguntur</subfield>
  </datafield>
  <datafield tag="210" ind1=" " ind2=" ">
    <subfield code="d">1536</subfield>
    <subfield code="e">Venetiisque</subfield>
    <subfield code="g">in aedibus Francisci Bindoni ac Maphei Pasini socii accuratissime impressum</subfield>
    <subfield code="h">mensis Maii 1536</subfield>
  </datafield>
  <datafield tag="215" ind1=" " ind2=" ">
    <subfield code="a">50, \2! c.</subfield>
    <subfield code="d">4ʻ</subfield>
  </datafield>
  <datafield tag="620" ind1=" " ind2=" ">
    <subfield code="a">IT</subfield>
    <subfield code="d">Venezia</subfield>
  </datafield>
  <datafield tag="700" ind1=" " ind2="1">
    <subfield code="a">Massa,</subfield>
    <subfield code="b"></subfield>
    <subfield code="3">IT\ICCU\CNCA\006647</subfield>
  </datafield>
  <datafield tag="712" ind1="0" ind2="0">
    <subfield code="a">Bindoni, Francesco &lt;1.&gt; &amp; Pasini, Maffeo</subfield>
    <subfield code="3">IT\ICCU\CNCT\000060</subfield>
    <subfield code="4">650</subfield>
  </datafield>
  <datafield tag="790" ind1=" " ind2="1">
    <subfield code="a">Massa,</subfield>
    <subfield code="b">Nicola</subfield>
    <subfield code="3">IT\ICCU\CNCA\020754</subfield>
    <subfield code="z"></subfield>
  </datafield>
  <datafield tag="790" ind1=" " ind2="1">
    <subfield code="a">Massa,</subfield>
    <subfield code="b">Nicolaus</subfield>
    <subfield code="3">IT\ICCU\CNCA\020755</subfield>
    <subfield code="z"></subfield>
  </datafield>
  <datafield tag="791" ind1="0" ind2="2">
    <subfield code="a">℗al segno dell&apos;℗Angelo Raffaele</subfield>
    <subfield code="c"> &lt;1531-1546&gt;</subfield>
    <subfield code="3">IT\ICCU\CNCT\002984</subfield>
    <subfield code="z">Bindoni, Francesco &lt;1.&gt; &amp; Pasini, Maffeo</subfield>
  </datafield>
  <datafield tag="801" ind1=" " ind2="3">
    <subfield code="a">IT</subfield>
    <subfield code="b">ICCU</subfield>
    <subfield code="c">20201114</subfield>
  </datafield>
  <datafield tag="899" ind1=" " ind2=" ">
    <subfield code="a">Biblioteca civica Queriniana. Brescia</subfield>
    <subfield code="1">BS0026</subfield>
    <subfield code="2">ZBS 01</subfield>
  </datafield>
  <datafield tag="899" ind1=" " ind2=" ">
    <subfield code="a">Biblioteca statale. Lucca</subfield>
    <subfield code="1">LU0022</subfield>
    <subfield code="2">LUA BL</subfield>
  </datafield>
  <datafield tag="899" ind1=" " ind2=" ">
    <subfield code="a">Biblioteca comunale Scipione Gentili. San Ginesio</subfield>
    <subfield code="1">MC0073</subfield>
    <subfield code="2">UMC CS</subfield>
  </datafield>
  <datafield tag="899" ind1=" " ind2=" ">
    <subfield code="a">Biblioteca regionale universitaria. Messina</subfield>
    <subfield code="1">ME0050</subfield>
    <subfield code="2">PAL BM</subfield>
  </datafield>
  <datafield tag="899" ind1=" " ind2=" ">
    <subfield code="a">Biblioteca comunale Teresiana. Mantova</subfield>
    <subfield code="1">MN0035</subfield>
    <subfield code="2">LO1 12</subfield>
  </datafield>
  <datafield tag="899" ind1=" " ind2=" ">
    <subfield code="a">Biblioteca universitaria. Padova</subfield>
    <subfield code="1">PD0158</subfield>
    <subfield code="2">PUV 00</subfield>
  </datafield>
  <datafield tag="899" ind1=" " ind2=" ">
    <subfield code="a">Biblioteca del Dipartimento di farmacologia E. Meneghetti dell&apos;Universit ̉degli Studi di Padova. Padova</subfield>
    <subfield code="1">PD0320</subfield>
    <subfield code="2">PUV 26</subfield>
  </datafield>
  <datafield tag="899" ind1=" " ind2=" ">
    <subfield code="a">Biblioteca comunale Augusta. Perugia</subfield>
    <subfield code="1">PG0109</subfield>
    <subfield code="2">UM1 01</subfield>
  </datafield>
  <datafield tag="899" ind1=" " ind2=" ">
    <subfield code="a">Biblioteca Lancisiana. Roma</subfield>
    <subfield code="1">RM0260</subfield>
    <subfield code="2">RMS H8</subfield>
  </datafield>
  <datafield tag="899" ind1=" " ind2=" ">
    <subfield code="a">Biblioteca comunale degli Intronati. Siena</subfield>
    <subfield code="1">SI0046</subfield>
    <subfield code="2">RT1 QI</subfield>
  </datafield>
  <datafield tag="899" ind1=" " ind2=" ">
    <subfield code="a">Biblioteca nazionale universitaria. Torino</subfield>
    <subfield code="1">TO0265</subfield>
    <subfield code="2">TO0 02</subfield>
  </datafield>
  <datafield tag="899" ind1=" " ind2=" ">
    <subfield code="a">Biblioteca comunale. Terni</subfield>
    <subfield code="1">TR0032</subfield>
    <subfield code="2">UM1 09</subfield>
  </datafield>
  <datafield tag="899" ind1=" " ind2=" ">
    <subfield code="a">British Library. London</subfield>
    <subfield code="1">UK0001</subfield>
  </datafield>
  <datafield tag="899" ind1=" " ind2=" ">
    <subfield code="a">Biblioteca nazionale Marciana. Venezia</subfield>
    <subfield code="1">VE0049</subfield>
    <subfield code="2">VEA BM</subfield>
  </datafield>
</record>
</collection>
